%% uctest.bib 11/3/94
%% Copyright (C) 1988-2004 Daniel Gildea, BBF, Ethan Munson.
%
% This work may be distributed and/or modified under the
% conditions of the LaTeX Project Public License, either version 1.3
% of this license or (at your option) any later version.
% The latest version of this license is in
%   http://www.latex-project.org/lppl.txt
% and version 1.3 or later is part of all distributions of LaTeX
% version 2003/12/01 or later.
%
% This work has the LPPL maintenance status "maintained".
% 
% The Current Maintainer of this work is Daniel Gildea.


@ARTICLE{tobler:first_law,
	ISSN = {00130095, 19448287},
	URL = {http://www.jstor.org/stable/143141},
	author = {W. R. Tobler},
	journal = {Economic Geography},
	pages = {234-240},
	publisher = {[Clark University, Wiley]},
	title = {A Computer Movie Simulating Urban Growth in the Detroit Region},
	volume = {46},
	year = {1970}
}

@article{miller:on_toblers_first_law,
	author = {Harvey J. Miller },
	title = {Tobler's First Law and Spatial Analysis},
	journal = {Annals of the Association of American Geographers},
	volume = {94},
	number = {2},
	pages = {284-289},
	year  = {2004},
	publisher = {Routledge},
	doi = {10.1111/j.1467-8306.2004.09402005.x},
	URL = {ehttps://doi.org/10.1111/j.1467-8306.2004.09402005.x},
	eprint = {https://doi.org/10.1111/j.1467-8306.2004.09402005.x}
}

@inproceedings{shepard:idw,
	author = {Shepard, Donald},
	title = {A Two-dimensional Interpolation Function for Irregularly-spaced Data},
	booktitle = {Proceedings of the 1968 23rd ACM National Conference},
	series = {ACM '68},
	year = {1968},
	pages = {517--524},
	numpages = {8},
	url = {http://doi.acm.org/10.1145/800186.810616},
	doi = {10.1145/800186.810616},
	acmid = {810616},
	publisher = {ACM},
	address = {New York, NY, USA}
} 